<?xml version="1.0" encoding="UTF-8"?>
<record xmlns="http://www.loc.gov/MARC21/slim">
   <leader>02094cam a2200421 a 4500</leader>
   <controlfield tag="001">685532</controlfield>
   <controlfield tag="003">NjP</controlfield>
   <controlfield tag="005">20190705141257.0</controlfield>
   <controlfield tag="007">hd bfa012baaa</controlfield>
   <controlfield tag="007">hd bfa012baba</controlfield>
   <controlfield tag="007">hd afa012baca</controlfield>
   <controlfield tag="008">911126r19911900pau     a     000 0 ara d</controlfield>
   <datafield tag="024" ind1="7" ind2=" ">
      <subfield code="a">princeton_aco003759</subfield>
      <subfield code="2">local</subfield>
   </datafield>
   <datafield ind1=" " ind2=" " tag="035">
      <subfield code="a">(CStRLIN)NJPG91-B59999</subfield>
   </datafield>
   <datafield ind1=" " ind2=" " tag="035">
      <subfield code="9">ADC1902TS</subfield>
   </datafield>
   <datafield ind1=" " ind2=" " tag="035">
      <subfield code="a">(NjP)685532</subfield>
   </datafield>
   <datafield ind1=" " ind2=" " tag="035">
      <subfield code="a">685532</subfield>
   </datafield>
   <datafield ind1=" " ind2=" " tag="040">
      <subfield code="a">NjP</subfield>
      <subfield code="c">PUL</subfield>
      <subfield code="d">PUL</subfield>
   </datafield>
   <datafield ind1=" " ind2=" " tag="049">
      <subfield code="a">PULL</subfield>
   </datafield>
   <datafield ind1=" " ind2=" " tag="035">
      <subfield code="a">(OCoLC)ocm25115147</subfield>
   </datafield>
   <datafield ind1="1" ind2=" " tag="100">
      <subfield code="6">880-01</subfield>
      <subfield code="a">Kattānī, ʻAbd al-Kabīr ibn Muḥammad,</subfield>
      <subfield code="d">1851 or 1852-1914 or 1915.</subfield>
      <subfield code="0">http://id.loc.gov/authorities/names/nr91045012</subfield>
   </datafield>
   <datafield ind1="1" ind2="3" tag="245">
      <subfield code="6">880-02</subfield>
      <subfield code="a">al-Amālī fī ʻilm al-ummahāt</subfield>
      <subfield code="h">[microform] /</subfield>
      <subfield code="c">lil-Shaykh Abī al-Fayḍ Muḥammad ibn Abī al-Makārim ʻAbd al-Kabīr al-Kattānī al-Ḥasanī al-Idrīsī.</subfield>
   </datafield>
   <datafield ind1=" " ind2=" " tag="260">
      <subfield code="a">[Morocco :</subfield>
      <subfield code="b">s.n.,</subfield>
      <subfield code="c">190-?]</subfield>
   </datafield>
   <datafield ind1=" " ind2=" " tag="300">
      <subfield code="a">24 p. ;</subfield>
      <subfield code="c">23 cm.</subfield>
   </datafield>
   <datafield ind1=" " ind2=" " tag="533">
      <subfield code="a">Microfilm.</subfield>
      <subfield code="b">Bethlehem, PA :</subfield>
      <subfield code="c">Mid-Atlantic Preservation Service,</subfield>
      <subfield code="d">1991.</subfield>
      <subfield code="e">1 microfilm reel ; 35 mm.</subfield>
      <subfield code="f">(Princeton University Arabic collection ; cn. 9000232.06).</subfield>
   </datafield>
   <datafield ind1=" " ind2=" " tag="590">
      <subfield code="a">Firestone copy 1: No. 4 in a vol. of 4 pamphlets.</subfield>
   </datafield>
   <datafield ind1=" " ind2=" " tag="590">
      <subfield code="a">Princeton Arabic Microfilming Project.</subfield>
   </datafield>
   <datafield ind1=" " ind2=" " tag="590">
      <subfield code="a">Arab copy 1 with: Irtishāfāt min al-thady al-Muḥammadī / Muḥammad ibn ʻAbd al-Kabīr al-Kattānī. [Morocco : s.n.], 1321 [1903]. Bound together subsequent to publication.</subfield>
   </datafield>
   <datafield ind1=" " ind2="7" tag="655">
      <subfield code="a">Lithographs</subfield>
      <subfield code="z">Morocco</subfield>
      <subfield code="2">gmgpc</subfield>
   </datafield>
   <datafield ind1=" " ind2="0" tag="830">
      <subfield code="a">Princeton University Arabic collection ;</subfield>
      <subfield code="v">cn. 9000232.06.</subfield>
   </datafield>
   <datafield ind1="1" ind2=" " tag="880">
      <subfield code="6">100-01/r</subfield>
      <subfield code="a">كتاني، عبد الكبير بن محمد،</subfield>
      <subfield code="d">1851 or 1852-1914 or 1915.</subfield>
   </datafield>
   <datafield ind1="1" ind2="2" tag="880">
      <subfield code="6">245-02/r</subfield>
      <subfield code="a">الامالي في علم الامهات</subfield>
      <subfield code="h">[microform] /</subfield>
      <subfield code="c">للشيخ ابي الفيض محمد بن ابي المكارم عبد الكبير الكتاني الحسني الادريسي.</subfield>
   </datafield>
   <datafield ind1=" " ind2=" " tag="998">
      <subfield code="a">12/11/91</subfield>
      <subfield code="s">9124</subfield>
      <subfield code="n">NjP</subfield>
      <subfield code="w">NJPG91B59999</subfield>
      <subfield code="d">11/26/91</subfield>
      <subfield code="c">KC</subfield>
      <subfield code="b">KC</subfield>
      <subfield code="i">911211</subfield>
      <subfield code="l">NJPG</subfield>
   </datafield>
   <datafield ind1=" " ind2=" " tag="948">
      <subfield code="a">CON AACR2 bw set 06</subfield>
   </datafield>
   <datafield ind1=" " ind2=" " tag="911">
      <subfield code="a">19921028</subfield>
   </datafield>
   <datafield ind1=" " ind2=" " tag="912">
      <subfield code="a">20000223043544.0</subfield>
   </datafield>
   <datafield ind1=" " ind2=" " tag="994">
      <subfield code="a">C0</subfield>
      <subfield code="b">PUL</subfield>
   </datafield>
   <datafield ind1=" " ind2=" " tag="999">
      <subfield code="a">685532</subfield>
   </datafield>
   <datafield ind1=" " ind2=" " tag="979">
      <subfield code="a">(OCoLC)ocn175745098</subfield>
   </datafield>
   <datafield ind1="0" ind2="1" tag="852">
      <subfield code="0">763745</subfield>
      <subfield code="b">nec</subfield>
      <subfield code="t">1</subfield>
      <subfield code="h">PJ6071</subfield>
      <subfield code="i">.A2895 1900z</subfield>
   </datafield>
   <datafield ind1=" " ind2="0" tag="866">
      <subfield code="0">763745</subfield>
      <subfield code="8">0</subfield>
      <subfield code="z">Original copy.</subfield>
   </datafield>
   <datafield ind1="8" ind2="1" tag="852">
      <subfield code="0">763746</subfield>
      <subfield code="b">rcppf</subfield>
      <subfield code="t">1</subfield>
      <subfield code="h">MICROFILM 07428</subfield>
      <subfield code="x">tr fr flm</subfield>
   </datafield>
   <datafield ind1=" " ind2="0" tag="866">
      <subfield code="0">763746</subfield>
      <subfield code="z">Positive service copy.</subfield>
   </datafield>
   <datafield ind1="0" ind2="0" tag="852">
      <subfield code="0">3151620</subfield>
      <subfield code="b">rcppa</subfield>
      <subfield code="t">1</subfield>
      <subfield code="h">BP88.K373</subfield>
      <subfield code="i">I5 1903</subfield>
      <subfield code="x">tr fr arab</subfield>
   </datafield>
   <datafield ind1=" " ind2=" " tag="959">
      <subfield code="a">2000-06-13 00:00:00 -0400</subfield>
   </datafield>
</record>
